@misc{Scarborough1966,
address = {Baltimore U6 - ctx{\_}ver=Z39.88-2004{\&}ctx{\_}enc=info{\%}3Aofi{\%}2Fenc{\%}3AUTF-8{\&}rfr{\_}id=info{\%}3Asid{\%}2Fsummon.serialssolutions.com{\&}rft{\_}val{\_}fmt=info{\%}3Aofi{\%}2Ffmt{\%}3Akev{\%}3Amtx{\%}3Abook{\&}rft.genre=book{\&}rft.title=Numerical+mathematical+analysis{\&}rft.au=Scarborough{\%}2C+James+B{\&}rf},
author = {Scarborough, James B},
keywords = {Numerical analysis},
publisher = {Johns Hopkins Press},
title = {{Numerical Mathematical Analysis}},
volume = {6th},
year = {1966}
}
@misc{Chapra2010,
address = {Boston},
author = {Chapra, Steven C and Canale, Raymond P},
isbn = {9780073401065;0073401064;},
keywords = {Data processing,Engineering mathematics,Microcomputers,Numerical calculations,Programming,numerical methods},
publisher = {McGraw-Hill Higher Education},
title = {{Numerical Methods for Engineers}},
volume = {6th},
year = {2010}
}
@misc{Brown1958,
address = {New York U6 - ctx{\_}ver=Z39.88-2004{\&}ctx{\_}enc=info{\%}3Aofi{\%}2Fenc{\%}3AUTF-8{\&}rfr{\_}id=info{\%}3Asid{\%}2Fsummon.serialssolutions.com{\&}rft{\_}val{\_}fmt=info{\%}3Aofi{\%}2Ffmt{\%}3Akev{\%}3Amtx{\%}3Abook{\&}rft.genre=book{\&}rft.title=Introduction+to+heat+transfer{\&}rft.au=Brown{\%}2C+Aubrey+I{\&}rft.au=Marco},
author = {Brown, Aubrey I and Marco, Salvatore M},
keywords = {Heat,Heat Transfer,Transmission},
publisher = {McGraw-Hill},
title = {{Introduction to Heat Transfer}},
volume = {3d},
year = {1958}
}
@misc{ImplicitvsExplicitNumericalMethods,
author = {{"Implicit vs Explicit Numerical Methods"}},
booktitle = {Flow Science},
keywords = {Explicit Scheme,Implicit Scheme,Numerical Methods},
mendeley-tags = {Explicit Scheme,Implicit Scheme,Numerical Methods},
title = {{Implicit Vs. Explicit Numerical Methods}},
url = {https://www.flow3d.com/resources/cfd-101/numerical-issues/implicit-versus-explicit-numerical-methods/},
urldate = {2017-04-01}
}
